% Scitation (AIP) BibTeX templates. Replace placeholders as needed.

@article{kuruppu2025agipix,
    author    = {Kuruppu Arachchige, Sasanka and Kämäräinen, Joni},
    title     = {Agipix: Open Agile Aerial Autonomy from Simulation to Reality},
    journal   = {TBA},
    year      = {2025},
    volume    = {X},
    number    = {Y},
    pages     = {1--10},
    doi       = {10.1063/5.xxxxxxx},
    url       = {https://pubs.aip.org/doi/10.1063/5.xxxxxxx}
}
